@Book{buduma:2017,
  language  =    {english},
  author = 	 {Buduma, Nikhil},
  title = 	 {Fundamentals of deep learning},
  publisher = 	 {The McGraw-Hill Companies},
  year = 	 {2017},
  isbn = {978-1491925614}
}

@online{nielson:2017,
author = {Michael Nielsen},
title  = {Neural Networks and Deep Learning},
date   = {2017-05},
url    = {http://neuralnetworksanddeeplearning.com/index.html}
}

@online{stroetmann:2017,
author = {Karl Stroetmann},
title  = {Artifical Intelligence},
date   = {2017-05},
url    = {https://github.com/karlstroetmann/Artificial-Intelligence}
}